@inproceedings{DBLP:conf/ijcai/GochtMN20,
  author    = {Stephan Gocht and
               Ciaran McCreesh and
               Jakob Nordstr{\"{o}}m},
  title     = {Subgraph Isomorphism Meets Cutting Planes: Solving With Certified
               Solutions},
  booktitle = {Proceedings of the Twenty-Ninth International Joint Conference on
               Artificial Intelligence, {IJCAI} 2020},
  pages     = {1134--1140},
  year      = {2020},
  timestamp = {Mon, 13 Jul 2020 18:09:15 +0200},
  biburl    = {https://dblp.org/rec/conf/ijcai/GochtMN20.bib},
  bibsource = {dblp computer science bibliography, https://dblp.org}
}

@inproceedings{DBLP:conf/aaai/ElffersGMN20,
  author    = {Jan Elffers and
               Stephan Gocht and
               Ciaran McCreesh and
               Jakob Nordstr{\"{o}}m},
  title     = {Justifying All Differences Using Pseudo-Boolean Reasoning},
  booktitle = {The Thirty-Fourth {AAAI} Conference on Artificial Intelligence, {AAAI}
               2020, New York, NY, USA},
  pages     = {1486--1494},
  year      = {2020},
  timestamp = {Fri, 05 Jun 2020 10:29:48 +0200},
  biburl    = {https://dblp.org/rec/conf/aaai/ElffersGMN20.bib},
  bibsource = {dblp computer science bibliography, https://dblp.org}
}

@inproceedings{GochtMMNPT20,
  author    = {Stephan Gocht and
               Ross McBride and
               Ciaran McCreesh and
               Jakob Nordstr{\"{o}}m and
               Patrick Prosser and
               James Trimble},
  title     = {Certifying Solvers for Clique and Maximum Common (Connected) Subgraph Problems},
  booktitle = {Proceedings of the Twenty-Sixth International Conference on Principles and Practice of Constraint Programming, {CP} 2020},
  year      = {2020}
}

@article{DBLP:journals/tcs/Haken85,
  author    = {Armin Haken},
  title     = {The Intractability of Resolution},
  journal   = {Theor. Comput. Sci.},
  volume    = {39},
  pages     = {297--308},
  year      = {1985},
  timestamp = {Wed, 14 Nov 2018 10:33:34 +0100},
  biburl    = {https://dblp.org/rec/bib/journals/tcs/Haken85},
  bibsource = {dblp computer science bibliography, https://dblp.org}
}

@article{DBLP:journals/dam/CookCT87,
  author    = {William J. Cook and
               Collette R. Coullard and
               Gy{\"{o}}rgy Tur{\'{a}}n},
  title     = {On the complexity of cutting-plane proofs},
  journal   = {Discrete Applied Mathematics},
  volume    = {18},
  number    = {1},
  pages     = {25--38},
  year      = {1987},
  timestamp = {Sun, 28 May 2017 13:22:20 +0200},
  biburl    = {https://dblp.org/rec/bib/journals/dam/CookCT87},
  bibsource = {dblp computer science bibliography, https://dblp.org}
}

@inproceedings{DBLP:conf/cade/HeuleHW13,
  author    = {Marijn Heule and
               Warren A. {Hunt Jr.} and
               Nathan Wetzler},
  title     = {Verifying Refutations with Extended Resolution},
  booktitle = {Automated Deduction - {CADE-24} - 24th International Conference on
               Automated Deduction, Lake Placid, NY, USA, June 9-14, 2013. Proceedings},
  pages     = {345--359},
  year      = {2013},
  timestamp = {Tue, 14 May 2019 10:00:39 +0200},
  biburl    = {https://dblp.org/rec/bib/conf/cade/HeuleHW13},
  bibsource = {dblp computer science bibliography, https://dblp.org}
}

@inproceedings{DBLP:conf/fmcad/HeuleHW13,
  author    = {Marijn Heule and
               Warren A. {Hunt Jr.} and
               Nathan Wetzler},
  title     = {Trimming while checking clausal proofs},
  booktitle = {Formal Methods in Computer-Aided Design, {FMCAD} 2013, Portland, OR,
               USA, October 20-23, 2013},
  pages     = {181--188},
  year      = {2013},
  timestamp = {Wed, 16 Oct 2019 14:14:56 +0200},
  biburl    = {https://dblp.org/rec/bib/conf/fmcad/HeuleHW13},
  bibsource = {dblp computer science bibliography, https://dblp.org}
}

@inproceedings{DBLP:conf/sat/WetzlerHH14,
  author    = {Nathan Wetzler and
               Marijn Heule and
               Warren A. {Hunt Jr.}},
  title     = {{DRAT-trim}: Efficient Checking and Trimming Using Expressive Clausal
               Proofs},
  booktitle = {Theory and Applications of Satisfiability Testing - {SAT} 2014 - 17th
               International Conference, Vienna, Austria, July 14-17, 2014. Proceedings},
  pages     = {422--429},
  year      = {2014},
  timestamp = {Tue, 14 May 2019 10:00:41 +0200},
  biburl    = {https://dblp.org/rec/bib/conf/sat/WetzlerHH14},
  bibsource = {dblp computer science bibliography, https://dblp.org}
}

@article{DBLP:journals/csr/McConnellMNS11,
  author    = {Ross M. McConnell and
               Kurt Mehlhorn and
               Stefan N{\"{a}}her and
               Pascal Schweitzer},
  title     = {Certifying algorithms},
  journal   = {Comput. Sci. Rev.},
  volume    = {5},
  number    = {2},
  pages     = {119--161},
  year      = {2011},
  timestamp = {Thu, 20 Feb 2020 11:37:03 +0100},
  biburl    = {https://dblp.org/rec/journals/csr/McConnellMNS11.bib},
  bibsource = {dblp computer science bibliography, https://dblp.org}
}

@inproceedings{DBLP:conf/isaim/Gelder08,
  author    = {Allen Van Gelder},
  title     = {Verifying {RUP} Proofs of Propositional Unsatisfiability},
  booktitle = {International Symposium on Artificial Intelligence and Mathematics,
               {ISAIM} 2008, Fort Lauderdale, Florida, USA, January 2-4, 2008},
  year      = {2008},
  timestamp = {Thu, 12 Mar 2020 11:39:23 +0100},
  biburl    = {https://dblp.org/rec/conf/isaim/Gelder08.bib},
  bibsource = {dblp computer science bibliography, https://dblp.org}
}

@inproceedings{DBLP:conf/ausai/ChoiHLS06,
  author    = {Chiu Wo Choi and
               Warwick Harvey and
               J. H. M. Lee and
               Peter J. Stuckey},
  title     = {Finite Domain Bounds Consistency Revisited},
  booktitle = {{AI} 2006: Advances in Artificial Intelligence, 19th Australian Joint
               Conference on Artificial Intelligence, Proceedings},
  pages     = {49--58},
  year      = {2006},
  timestamp = {Mon, 04 Nov 2019 12:36:13 +0100},
  biburl    = {https://dblp.org/rec/conf/ausai/ChoiHLS06.bib},
  bibsource = {dblp computer science bibliography, https://dblp.org}
}

@inproceedings{DBLP:conf/aaai/VekslerS10,
  author    = {Michael Veksler and
               Ofer Strichman},
  title     = {A Proof-Producing {CSP} Solver},
  booktitle = {Proceedings of the Twenty-Fourth {AAAI} Conference on Artificial Intelligence,
               {AAAI} 2010, Atlanta, Georgia, USA, July 11-15, 2010},
  year      = {2010},
  timestamp = {Mon, 06 Nov 2017 17:26:30 +0100},
  biburl    = {https://dblp.org/rec/bib/conf/aaai/VekslerS10},
  bibsource = {dblp computer science bibliography, https://dblp.org}
}

@misc{Stuckey19,
    title = {Certifying Optimality in Constraint Programming},
    author = {Peter J. Stuckey},
    year = {2019},
    month = {February},
    day = {12},
    note = {Talk at KTH Royal Institute of Technology}
}

@misc{Dubois20,
    title = {Formally Verified Constraints Solvers: a Guided Tour},
    author = {Catherine Dubois},
    year = {2020},
    note = {Invited talk at the 13th Conference on Intelligent Computer Mathematics ({CICM})}
}

@misc{opbformat,
    url = {http://www.cril.univ-artois.fr/PB12/format.pdf},
    title = {Input/Output Format and Solver Requirements for the Competitions of Pseudo-{B}oolean Solvers},
    author = {Olivier Roussel and Vasco M Anquinho},
    year = {2012}
}

